<record><leader>00000cas a22000007a 4500</leader><controlfield tag="001">14207703</controlfield><controlfield tag="008">860912d189919uupauuu ne      0    0eng d</controlfield><datafield ind1=" " ind2=" " tag="010"><subfield code="a">sn 86081785 </subfield></datafield><datafield ind1=" " ind2=" " tag="040"><subfield code="a">NPH</subfield><subfield code="b">eng</subfield><subfield code="c">NPH</subfield><subfield code="d">OCLCQ</subfield></datafield><datafield ind1=" " ind2=" " tag="042"><subfield code="a">msc</subfield></datafield><datafield ind1="0" ind2=" " tag="130"><subfield code="a">Triangle (Dushore, Pa.)</subfield></datafield><datafield ind1="1" ind2="4" tag="245"><subfield code="a">The triangle.</subfield></datafield><datafield ind1=" " ind2=" " tag="260"><subfield code="a">Dushore, Pa. :</subfield><subfield code="b">[s.n.],</subfield><subfield code="c">1899-</subfield></datafield><datafield ind1=" " ind2=" " tag="300"><subfield code="a">v. :</subfield><subfield code="b">ill. ;</subfield><subfield code="c">38 cm.</subfield></datafield><datafield ind1="0" ind2=" " tag="362"><subfield code="a">Vol. 1, no. 1 (Nov. 10, 1899)-</subfield></datafield><datafield ind1=" " ind2=" " tag="500"><subfield code="a">"Devoted to the interests of the public schools of Dushore Boro."</subfield></datafield><datafield ind1=" " ind2=" " tag="500"><subfield code="a">Editors: Hattie Newell, Rowena Herrmann, Mable Hayman, Thomas V. Kelley.</subfield></datafield><datafield ind1=" " ind2=" " tag="752"><subfield code="a">United States</subfield><subfield code="b">Pennsylvania</subfield><subfield code="c">Sullivan</subfield><subfield code="d">Dushore.</subfield></datafield><datafield ind1="1" ind2=" " tag="029"><subfield code="a">AU@</subfield><subfield code="b">000025817599</subfield></datafield></record>